@inproceedings{albrecht2015ciphers,
  title={Ciphers for MPC and FHE},
  author={Albrecht, Martin R and Rechberger, Christian and Schneider, Thomas and Tiessen, Tyge and Zohner, Michael},
  booktitle={Annual International Conference on the Theory and Applications of Cryptographic Techniques},
  pages={430--454},
  year={2015},
  organization={Springer}
}
@inproceedings{androulaki2013evaluating,
  title={Evaluating user privacy in bitcoin},
  author={Androulaki, Elli and Karame, Ghassan O and Roeschlin, Marc and Scherer, Tobias and Capkun, Srdjan},
  booktitle={International Conference on Financial Cryptography and Data Security},
  pages={34--51},
  year={2013},
  organization={Springer}
}
@article{arora1998proof,
  title={Proof verification and the hardness of approximation problems},
  author={Arora, Sanjeev and Lund, Carsten and Motwani, Rajeev and Sudan, Madhu and Szegedy, Mario},
  journal={Journal of the ACM (JACM)},
  volume={45},
  number={3},
  pages={501--555},
  year={1998},
  publisher={ACM}
}
@article{bracha1985asynchronous,
  title={Asynchronous consensus and broadcast protocols},
  author={Bracha, Gabriel and Toueg, Sam},
  journal={Journal of the ACM (JACM)},
  volume={32},
  number={4},
  pages={824--840},
  year={1985},
  publisher={ACM}
}
@article{buterin2017casper,
  title={Casper the Friendly Finality Gadget},
  author={Buterin, Vitalik and Griffith, Virgil},
  journal={arXiv preprint arXiv:1710.09437},
  year={2017}
}
@misc{chen2018algorand,
  author = {Jing Chen and Sergey Gorbunov and Silvio Micali and Georgios Vlachos},
  title = {ALGORAND AGREEMENT: Super Fast and Partition Resilient Byzantine Agreement},
  howpublished = {Cryptology ePrint Archive, Report 2018/377},
  year = {2018},
  note = {\url{https://eprint.iacr.org/2018/377}},
}
@techreport{gazi2018stake,
  title={Stake-bleeding attacks on proof-of-stake blockchains},
  author={Gazi, Peter and Kiayias, Aggelos and Russell, Alexander},
  year={2018},
  institution={Cryptology ePrint Archive, Report 2018/248, 2018. https://eprint. iacr. org/2018/248}
}
@misc{katz2018improved,
  author = {Jonathan Katz and Vladimir Kolesnikov and Xiao Wang},
  title = {Improved Non-Interactive Zero Knowledge with Applications to Post-Quantum Signatures},
  howpublished = {Cryptology ePrint Archive, Report 2018/475},
  year = {2018},
  note = {\url{https://eprint.iacr.org/2018/475}},
}
@article{kwon2014tendermint,
  title={Tendermint: Consensus without mining},
  author={Kwon, Jae},
  journal={Retrieved May},
  volume={18},
  pages={2017},
  year={2014}
}
@article{martin2012experimental,
  title={Experimental realization of Shor's quantum factoring algorithm using qubit recycling},
  author={Martin-Lopez, Enrique and Laing, Anthony and Lawson, Thomas and Alvarez, Roberto and Zhou, Xiao-Qi and O'brien, Jeremy L},
  journal={Nature Photonics},
  volume={6},
  number={11},
  pages={773},
  year={2012},
  publisher={Nature Publishing Group}
}
@inproceedings{meiklejohn2013fistful,
  title={A fistful of bitcoins: characterizing payments among men with no names},
  author={Meiklejohn, Sarah and Pomarole, Marjori and Jordan, Grant and Levchenko, Kirill and McCoy, Damon and Voelker, Geoffrey M and Savage, Stefan},
  booktitle={Proceedings of the 2013 conference on Internet measurement conference},
  pages={127--140},
  year={2013},
  organization={ACM}
}
@article{nakamoto2008bitcoin,
  title={Bitcoin: A peer-to-peer electronic cash system},
  author={Nakamoto, Satoshi},
  year={2008}
}
@article{poon2015bitcoin,
  title={The bitcoin lightning network},
  author={Poon, Joseph and Dryja, Thaddeus},
  journal={i},
  pages={1--22},
  year={2015}
}
@inproceedings{sasson2014zerocash,
  title={Zerocash: Decentralized anonymous payments from bitcoin},
  author={Sasson, Eli Ben and Chiesa, Alessandro and Garman, Christina and Green, Matthew and Miers, Ian and Tromer, Eran and Virza, Madars},
  booktitle={Security and Privacy (SP), 2014 IEEE Symposium on},
  pages={459--474},
  year={2014},
  organization={IEEE}
}
@misc{van2013cryptonote,
  title={Cryptonote v 2. 0},
  author={Van Saberhagen, Nicolas},
  year={2013}
}
@misc{visa2013capacity,
  title = {Stress Test Prepares VisaNet for the Most Wonderful Time of the Year},
  howpublished = {\url{https://www.visa.com/blogarchives/us/2013/10/10/stress-test-prepares-visanet-for-the-most-wonderful-time-of-the-year/index.html}},
  note = {Accessed: 2018-07-03}
}
@misc{wesolowski2018slow,
  author = {Benjamin Wesolowski},
  title = {Slow-timed hash functions},
  howpublished = {Cryptology ePrint Archive, Report 2018/623},
  year = {2018},
  note = {\url{https://eprint.iacr.org/2018/623}},
}
